@incollection{akaike1992information,
  title={Information theory and an extension of the maximum likelihood principle},
  author={Akaike, Hirotogu},
  booktitle={Second International Symposium on Information Theory},
  pages={267-281},
  year={1973},
  publisher={Akadcmiai Kiado, Budapest, Hungary}
}

@book{hosmer1954applied,
  title={Applied logistic regression},
  author={Hosmer, David W and Lemeshow, Stanley and Sturdivant, Rodney X},
  year={2000},
  volume={2nd},
  publisher={John Wiley \& Sons}
}

@Misc{USDT,
Author = "United States Department of Transportation",
Title = "Airline On-Time Performance Data",
Note = "https://www.transtats.bts.gov",
year = 2016
}

@Misc{NOAA,
Author = "National Oceanic and Atmospheric Administration",
Title = "National Centers for Environmental Information",
Note = "https://www.ncdc.noaa.gov/cdo-web/datatools/lcd",
year = 2016
}

@Misc{SO,
Author = "Socrata",
Title = "Airport  Codes  mapped  to  Latitude/Longitudein the United States",
Note = "https://opendata.socrata.com/dataset/Airport-Codes-mapped-to-Latitude-Longitude-in-the-/rxrh-4cxm",
year = 2017
}

@article{Modif217,
author = {Wei Yu and Wangli Xu and Lixing Zhu},
title = {A modified Hosmerâ€“Lemeshow test for large data sets},
journal = {Communications in Statistics - Theory and Methods},
volume = {46},
number = {23},
pages = {11813-11825},
year  = {2017},
publisher = {Taylor & Francis},
doi = {10.1080/03610926.2017.1285922},
}

@book{james2013introduction,
  title={An introduction to statistical learning},
  author={James, Gareth and Witten, Daniela and Hastie, Trevor and Tibshirani, Robert},
  volume={112},
  year={2013},
  publisher={Springer}
}